% Journals
@string{JVLC  = {{Journal of Visual Languages and Computing (JVLC)}}}
@string{LCE   = {{Language and Concepts in Education (LCE)}}}
@string{CE    = {{Computers and Education (CE)}}}
@string{LI    = {{Learning and Instruction (LI)}}}
@string{AJDE  = {{The American Journal of Distance Education (AJDE)}}}
@string{IM    = {{Information \& management (IM)}}}
@string{JITE  = {{Journal of Information Technology Education (JITE)}}}
@string{AM    = {{Academic Medicine (AM)}}}

%Conferences 
@string{VLHCC = {{IEEE Int.\ Symp.\ on Visual Languages and Human-Centric Computing (VL/HCC)}}}
@string{SLE   = {{Int.\ Conf.\ on Software Language Engineering (SLE)}}}

% Workshops
% Series
@string{LNCS  = {{LNCS}}}

@book{Gee14,
  author    = {Gee, J.~P.},
  title     = {An Introduction to Discourse Analysis: Theory and Method},
  edition   = 4,
  year      = 2014,
  publisher = {Routledge},
}
  

@inproceedings{Gloor92,
  author    = {Gloor, P.~A.},
  title     = {{AACE} -- Algorithm Animation for Computer Science Education},
  booktitle = {{IEEE Workshop on Visual Languages}},
  year      = 1992,
  pages     = {25--31},
}

@incollection{Gloor97,
  author    = {Gloor, P.},
  title     = {Animated Algorithms},
  booktitle = {Elements of Hypermedia Design: Techniques for Navigation \& Visualization in Cyberspace},
  year      = 1997,
  pages     = {235--241},
  publisher = {Birkh{\"a}user},
  address   = {Boston},
}

@article{HKR08,
  author  = {Hodges, B.~D. and Kuper, A. and Reeves, S.},
  title   = {Discourse Analysis},
  journal = {BMJ},
  year    = 2008,
  month   = Sep,
  volume  = 337,
  pages   = {570--576},
}

@article{HDS02,
  author  = {Hundhausen, C.~D. and Douglas, S.~A. and Stasko, J.~T.},
  title   = {A Meta-Study of Algorithm Visualization Effectiveness},
  journal = JVLC,
  year    = 2002,
  volume  = 13,
  pages   = {259--290}
}


% Books
@book{bellack1966language,
  author    = {Bellack, A.~A. and Smith, F.~L. and Kliebard, H.~M. and Hyman, R.~T.},
  title     = {The Language of the Classroom},
  year      = {1966},
  publisher = {Teachers College Press}
}

@book{brown1984explaining,
  author     = {Brown, G.~A. and Armstrong, S.},
  title      = {Explaining and explanations},
  journal    = {Classroom Teaching Skills: The Research Findings of the Teacher Education Project},
  pages      = {121},
  year       = {1984},
  publisher  = {Psychology Press}
}

@book{westbury1971research,
  author    = {Westbury, I. and Bellack, A.~A.},
  title     = {Research Into Classroom Processes: Recent Developments and Next Steps},
  chapter   = {9},
  lccn      = {70170131},
  series    = {Theory and research in teaching},
  url       = {https://books.google.com/books?id=KegSQtuud7MC},
  year      = {1971},
  publisher = {Teachers College Press}
}

@book{ nla.cat-vn407830,
  author        = {Gage, N. L.},
  title         = {Teacher effectiveness and teacher education; the search for a scientific basis, by N. L. Gage},
  isbn          = {0870151908},
  publisher     = {Pacific Books Palo Alto, Calif},
  pages         = {226 p.},
  year          = {1972},
  type          = {Book},
  language      = {English},
  subjects      = {Teachers -- Training of -- United States.; Education -- Research -- United States.},
  life-dates    = {1972 - },
  catalogue-url = {http://nla.gov.au/nla.cat-vn407830},
}

@book{smith1967language,
  author    = {Smith, Bunnie Othanel and Ennis, Robert Hugh},
  title     = {Language and concepts in education},
  year      = {1967},
  publisher = {Rand McNally}
}

@book{Ennis1969-ENNLIT,
	author    = {Robert Hugh Ennis},
	title     = {Logic in Teaching},
	publisher = {Englewood Cliffs, N.J., Prentice-Hall},
	year      = {1969},
}

@book{hyman1968teaching,
  author    = {Hyman, Ronald T and Hyman, Ronald T},
  title     = {Teaching: Vantage points for study},
  year      = {1968},
  publisher = {Lippincott Philadelphia}
}

@book{Smith1970-SMIASO-13,
	author   = {B. Othanel Smith and Milton Otto Meux},
	year     = {1970},
	title    = {A Study of the Logic of Teaching}
}

@book{kliebard1963teaching,
  title   = {Teaching cycles: A study of the pattern and flow of classroom discourse},
  author  = {Kliebard, Herbert Martin},
  year    = {1963}
}

@book{wittgenstein2010philosophical,
  title     = {Philosophical investigations},
  author    = {Wittgenstein, Ludwig},
  year      = {2010},
  publisher = {John Wiley \& Sons}
}

@book{KT06,
  title     = {Algorithm design},
  author    = {Kleinberg, J. and Tardos, E.},
  year      = 2006,
  publisher = {Pearson Education},
  address   = {Boston}
}

@book{KnuthArt3,
  title = {The Art of Computer Programming: Sorting and Searching},
  author = {Knuth, D.~E.},
  edition = 2,
  year = 1998,
  publisher = {Pearson Education},
  address = {Boston}
}

@book{Sedgewick:2011:ALG:2011916,
 author    = {Sedgewick, Robert and Wayne, Kevin},
 title     = {Algorithms},
 year      = {2011},
 isbn      = {032157351X, 9780321573513},
 edition   = {4th},
 publisher = {Addison-Wesley Professional},
} 

@book{corbin2014basics,
  title={Basics of Qualitative Research},
  author={Corbin, J. and Strauss, A. and Strauss, A.~L.},
  isbn={9781412997461},
  lccn={2014048844},
  year={2014},
  publisher={SAGE}
}

@book{charmaz2006constructing,
  title={Constructing Grounded Theory: A Practical Guide through Qualitative Analysis},
  author={Charmaz, K.},
  isbn={9781446200193},
  series={Introducing Qualitative Methods series},
  url={https://books.google.com/books?id=\_zABE9rkMM8C},
  year={2006},
  publisher={SAGE Publications}
}

@book{baecker1981sorting,
  title={Sorting out sorting},
  author={Baecker, Ronald M and Sherman, David},
  year={1981},
  publisher={University of Toronto, Computer Systems Research Group}
}

% Articles 
@article{Levitin:2002:UPT:563517.563456,
 author = {Levitin, Anany and Papalaskari, Mary-Angela},
 title = {Using Puzzles in Teaching Algorithms},
 journal = {SIGCSE Bull.},
 issue_date = {March 2002},
 volume = {34},
 number = {1},
 month = feb,
 year = {2002},
 issn = {0097-8418},
 pages = {292--296},
 numpages = {5},
 url = {http://doi.acm.org/10.1145/563517.563456},
 doi = {10.1145/563517.563456},
 acmid = {563456},
 publisher = {ACM},
 address = {New York, NY, USA},
} 

@article{Naps:2002:ERV:782941.782998,
 author = {Naps, T.~L. and R{\"o}{\ss}ling, G. and Almstrum, V. and
                  Dann, W. and Fleischer, R. and Hundhausen, C. and
                  Korhonen, A. and Malmi, L. and McNally, M. and Rodger, S.
                  and Vel{\`a}zquez-Iturbide, J.~A.},
 title = {Exploring the Role of Visualization and Engagement in Computer Science
                  Education},
 journal = {SIGCSE Bulletin},
 volume = {35},
 number = {2},
 month = jun,
 year = {2002},
 pages = {131--152},
 publisher = {ACM},
 address = {New York},
}

@article{Rodger:1995:ILA:199691.199820,
 author = {Rodger, Susan H.},
 title = {An Interactive Lecture Approach to Teaching Computer Science},
 journal = {SIGCSE Bull.},
 issue_date = {March 1995},
 volume = {27},
 number = {1},
 month = mar,
 year = {1995},
 issn = {0097-8418},
 pages = {278--282},
 numpages = {5},
 url = {http://doi.acm.org/10.1145/199691.199820},
 doi = {10.1145/199691.199820},
 acmid = {199820},
 publisher = {ACM},
 address = {New York, NY, USA},
} 

@article{McConnell:1996:ALU:1013718.237526,
 author = {McConnell, Jeffrey J.},
 title = {Active Learning and Its Use in Computer Science},
 journal = {SIGCUE Outlook},
 issue_date = {Jan.-July, 1996},
 volume = {24},
 number = {1-3},
 month = jan,
 year = {1996},
 issn = {0163-5735},
 pages = {52--54},
 numpages = {3},
 url = {http://doi.acm.org/10.1145/1013718.237526},
 doi = {10.1145/1013718.237526},
 acmid = {237526},
 publisher = {ACM},
 address = {New York, NY, USA},
} 

@article{rosenshine1968objectively,
  author  = {Rosenshine, Barak},
  title   = {Objectively measured behavioral predictors of effectiveness in explaining},
  journal = {Explorations of the Teacher's Effectiveness in Explaining, NL Gage et al., Technical Report},
  number  = {4},
  year    = {1968}
}

@article{dijkstra1959note,
  title     = {A note on two problems in connexion with graphs},
  author    = {Dijkstra, Edsger W},
  journal   = {Numerische mathematik},
  volume    = {1},
  number    = {1},
  pages     = {269--271},
  year      = {1959},
  publisher = {Springer}
}

@article{shaffer2010algorithm,
  title     = {Algorithm Visualization: The State of the Field},
  author    = {Shaffer, C.~A. and Cooper, M.~L. and Alon, A.~J.~D. and Akbar, M. and Stewart, M. and Ponce, S. and Edwards, S.~H.},
  journal   = {ACM Transactions on Computing Education (TOCE)},
  volume    = {10},
  number    = {3},
  pages     = {9},
  year      = {2010},
  publisher = {ACM}
}

@article{swift1961explanation,
  title     = {Explanation},
  author    = {Swift, Leonard F},
  journal   = LCE,
  pages     = {179--94},
  year      = {1961},
  publisher = {Rand McNally Chicago}
}

@article{HANSEN2002291,
author   = "Hansen, S. and Narayanan, N.~H. and Hegarty, M.",
title    = "Designing Educationally Effective Algorithm Visualizations",
journal  = JVLC,
volume   = "13",
number   = "3",
pages    = "291--317",
year     = "2002",
}

@article{KANN1997223,
author   = "Kann, C. and Lindeman, R.~W. and Heller, R.",
title    = "Integrating algorithm animation into a learning environment",
journal  = CE,
volume   = "28",
number   = "4",
pages    = "223--228",
year     = "1997",
}

@article{brecht2008enabling,
  title     = {Enabling a comprehensive teaching strategy: Video lectures},
  author    = {Brecht, H David and Ogilby, Suzanne M},
  journal   = JITE,
  volume    = {7},
  pages     = {71--86},
  year      = {2008},
  publisher = {Informating Science Institute}
}

@article{brecht2012learning,
  title   = {Learning from online video lectures},
  author  = {Brecht, H David},
  journal = JITE,
  volume  = {11},
  pages   = {227--250},
  year    = {2012},
  publisher = {Informating Science Institute}
}

@article{cardall2008live,
  title     = {Live lecture versus video-recorded lecture: are students voting with their feet?},
  author    = {Cardall, Scott and Krupat, Edward and Ulrich, Michael},
  journal   = AM,
  volume    = {83},
  number    = {12},
  pages     = {1174--1178},
  year      = {2008},
  publisher = {LWW}
}

@article{zhang2006instructional,
  title     = {Instructional video in e-learning: Assessing the impact of interactive video on learning effectiveness},
  author    = {Zhang, Dongsong and Zhou, Lina and Briggs, Robert O and Nunamaker, Jay F},
  journal   = IM,
  volume    = {43},
  number    = {1},
  pages     = {15--27},
  year      = {2006},
  publisher = {Elsevier}
}

@article{zhang2005interactive,
  title     = {Interactive Multimedia-Based e-Learning: A Study of Effectiveness},
  author    = {Zhang, D.},
  journal   = AJDE,
  volume    = {19},
  number    = {3},
  pages     = {149--162},
  year      = {2005},
  publisher = {Taylor \& Francis}
}

@article{Schwan2004293,
author   = "Schwan, S. and Riempp, R.",
title    = "The Cognitive Benefits of Interactive Videos: Learning to Tie Nautical Knots ",
journal  = LI,
volume   = "14",
number   = "3",
pages    = "293--305",
year     = "2004",
}

@article{Merkt2011687,
author   = "Merkt, M. and Weigand, S. and Heier, A. and Schwan, S.",
title    = "Learning with Videos vs.\ Learning with Print: The Role of Interactive Features",
journal  = LI,
volume   = "21",
number   = "6",
pages    = "687--704",
year     = "2011",
}

% Other
@online{Dplyr,
  author  = {Hadley Wickham},
  title   = {Introduction to Dplyr},
  year    = 2016,
  url     = {https://cran.rstudio.com/web/packages/dplyr/vignettes/introduction.html},
  urldate = {2017-04-13}
}

@MISC{Strauss67discoveryof,
    author = {Strauss, A. and Corbin, J.},
    title = {Discovery of Grounded Theory},
    year = {1967}
}

@software{atlast,
  author = {{Atlast.ti}},
  title = {Atlast.ti, Qualitative Data Analysis},
  url = {http://atlasti.com/learning-old/about/},
  version = {8.0},
  date = {2017-08-28},
}

@Inbook{Ellson2002,
author="Ellson, John
and Gansner, Emden
and Koutsofios, Lefteris
and North, Stephen C.
and Woodhull, Gordon",
editor="Mutzel, Petra
and J{\"u}nger, Michael
and Leipert, Sebastian",
title="Graphviz--- Open Source Graph Drawing Tools",
bookTitle="Graph Drawing: 9th International Symposium, GD 2001 Vienna, Austria, September 23--26, 2001 Revised Papers",
year="2002",
publisher="Springer Berlin Heidelberg",
address="Berlin, Heidelberg",
pages="483--484",
abstract="Graphviz is a heterogeneous collection of graph drawing tools containing batch layout programs (dot, neato, fdp, twopi); a platform for incremental layout (Dynagraph); customizable graph editors (dotty, Grappa); a server for including graphs in Web pages (WebDot); support for graphs as COM objects (Montage); utility programs useful in graph visualization; and libraries for attributed graphs. The software is available under an Open Source license. The article[1] provides a detailed description of the package.",
isbn="978-3-540-45848-7",
doi="10.1007/3-540-45848-4_57",
url="https://doi.org/10.1007/3-540-45848-4_57"
}

@InCollection{sep-scientific-explanation,
	author       =	{Woodward, James},
	title        =	{Scientific Explanation},
	booktitle    =	{The Stanford Encyclopedia of Philosophy},
	editor       =	{Edward N. Zalta},
	howpublished =	{\url{https://plato.stanford.edu/archives/fall2017/entries/scientific-explanation/}},
	year         =	{2017},
	edition      =	{Fall 2017},
	publisher    =	{Metaphysics Research Lab, Stanford University}
}

@inproceedings{Grissom:2003:AVC:774833.774846,
 author = {Grissom, S. and McNally, M.~F. and Naps, T.},
 title = {Algorithm Visualization in CS Education: Comparing Levels of Student Engagement},
 booktitle = {ACM Symp.\ on Software Visualization},
 series = {SoftVis},
 year = {2003},
 pages = {87--94},
} 
